<record><leader>00000cas a22000007a 4500</leader><controlfield tag="001">16904994</controlfield><controlfield tag="008">871027d18791890inuwr ne      0    0eng d</controlfield><datafield ind1=" " ind2=" " tag="010"><subfield code="a">sn 87056807 </subfield></datafield><datafield ind1=" " ind2=" " tag="040"><subfield code="a">NPI</subfield><subfield code="b">eng</subfield><subfield code="c">NPI</subfield><subfield code="d">OCLCQ</subfield></datafield><datafield ind1=" " ind2=" " tag="042"><subfield code="a">msc</subfield></datafield><datafield ind1="0" ind2="0" tag="245"><subfield code="a">Bluffton weekly chronicle.</subfield></datafield><datafield ind1=" " ind2=" " tag="260"><subfield code="a">Bluffton, Ind. :</subfield><subfield code="b">George Arnold,</subfield><subfield code="c">-1890.</subfield></datafield><datafield ind1=" " ind2=" " tag="300"><subfield code="a">Weekly.</subfield></datafield><datafield ind1="1" ind2=" " tag="362"><subfield code="a">Began in 1879.</subfield></datafield><datafield ind1="0" ind2=" " tag="362"><subfield code="a">-v. 22, no. 10 (Sept. 25, 1890).</subfield></datafield><datafield ind1=" " ind2=" " tag="588"><subfield code="a">Description based on: Vol. 11, no. 7 (Sept. 11, 1879).</subfield></datafield><datafield ind1=" " ind2=" " tag="752"><subfield code="a">United States</subfield><subfield code="b">Indiana</subfield><subfield code="c">Wells</subfield><subfield code="d">Bluffton.</subfield></datafield><datafield ind1="0" ind2="0" tag="780"><subfield code="t">Bluffton chronicle (Bluffton, Ind. : 1873)</subfield><subfield code="w">(DLC)sn 84027278</subfield></datafield><datafield ind1="0" ind2="0" tag="785"><subfield code="t">Bluffton chronicle (Bluffton, Ind. : 1890)</subfield><subfield code="w">(DLC)sn 87056808</subfield></datafield></record>